<record><leader>00000cas a22000007a 4500</leader><controlfield tag="001">27542680</controlfield><controlfield tag="008">930224d19301931nmuir ne      0    0eng d</controlfield><datafield ind1=" " ind2=" " tag="010"><subfield code="a">sn 93048461 </subfield></datafield><datafield ind1=" " ind2=" " tag="040"><subfield code="a">NVM</subfield><subfield code="b">eng</subfield><subfield code="c">NVM</subfield><subfield code="d">DLC</subfield><subfield code="d">NVM</subfield><subfield code="d">OCLCQ</subfield><subfield code="d">OCLCF</subfield><subfield code="d">OCLCO</subfield><subfield code="d">IUL</subfield></datafield><datafield ind1=" " ind2=" " tag="042"><subfield code="a">msc</subfield></datafield><datafield ind1=" " ind2=" " tag="043"><subfield code="a">n-us-nm</subfield></datafield><datafield ind1="0" ind2="0" tag="245"><subfield code="a">Raton evening gazette.</subfield></datafield><datafield ind1=" " ind2=" " tag="260"><subfield code="a">Raton, Colfax County, N.M. :</subfield><subfield code="b">Gate City Pub. Co.</subfield></datafield><datafield ind1=" " ind2=" " tag="300"><subfield code="a">v.</subfield></datafield><datafield ind1=" " ind2=" " tag="310"><subfield code="a">Triweekly,</subfield><subfield code="b">Mar. 10-Apr. 14, 1931</subfield></datafield><datafield ind1=" " ind2=" " tag="321"><subfield code="a">Daily (except Sunday),</subfield><subfield code="b">Apr. 8, 1930-Mar. 7, 1931</subfield></datafield><datafield ind1="0" ind2=" " tag="362"><subfield code="a">Vol. 48, no. 72 (Apr. 8, 1930)-v. 49, no. 68 (Apr. 14, 1931).</subfield></datafield><datafield ind1=" " ind2=" " tag="580"><subfield code="a">Weekly ed.: Raton reporter (Raton, N.M. : 1890), Apr 8-&lt;Dec. 26, 1930&gt;.</subfield></datafield><datafield ind1=" " ind2="0" tag="651"><subfield code="a">Raton (N.M.)</subfield><subfield code="v">Newspapers.</subfield></datafield><datafield ind1=" " ind2="0" tag="651"><subfield code="a">Colfax County (N.M.)</subfield><subfield code="v">Newspapers.</subfield></datafield><datafield ind1=" " ind2="7" tag="651"><subfield code="a">New Mexico</subfield><subfield code="z">Colfax County.</subfield><subfield code="2">fast</subfield><subfield code="0">(OCoLC)fst01217271</subfield></datafield><datafield ind1=" " ind2="7" tag="651"><subfield code="a">New Mexico</subfield><subfield code="z">Raton.</subfield><subfield code="2">fast</subfield><subfield code="0">(OCoLC)fst01217272</subfield></datafield><datafield ind1=" " ind2="7" tag="655"><subfield code="a">Newspapers.</subfield><subfield code="2">fast</subfield><subfield code="0">(OCoLC)fst01423814</subfield></datafield><datafield ind1=" " ind2=" " tag="752"><subfield code="a">United States</subfield><subfield code="b">New Mexico</subfield><subfield code="c">Colfax</subfield><subfield code="d">Raton.</subfield></datafield><datafield ind1="1" ind2=" " tag="775"><subfield code="t">Raton reporter (Raton, N.M. : 1890)</subfield><subfield code="w">(DLC)sn 86063831</subfield><subfield code="w">(OCoLC)13420337</subfield></datafield><datafield ind1="0" ind2="0" tag="785"><subfield code="t">Raton range and Raton evening gazette</subfield><subfield code="w">(DLC)sn 93061587</subfield><subfield code="w">(OCoLC)27542774</subfield></datafield><datafield ind1="1" ind2=" " tag="029"><subfield code="a">AU@</subfield><subfield code="b">000024724705</subfield></datafield></record>